% abbreviations: library.caltech.edu/reference/abbreviations/
% QMC

@article{Anderson_DMC,
   author = "Anderson, James B.",
   title = "A random‐walk simulation of the Schrödinger equation: H+3",
   journal = "J. Chem. Phys.",
   year = "1975",
   volume = "63",
   number = "4", 
   pages = "1499-1503",
   url = "http://scitation.aip.org/content/aip/journal/jcp/63/4/10.1063/1.431514",
   doi = "10.1063/1.431514" 
}

@article{Stuart_Review,
author = {Rothstein, Stuart M.},
title = {A survey on pure sampling in quantum Monte Carlo methods},
journal = {Can. J. Chem.},
volume = {91},
number = {7},
pages = {505-510},
year = {2013},
doi = {10.1139/cjc-2012-0539},
url = { 10.1139/cjc-2012-0539},
}
  	
@article{Needs_Review,
  author={R J Needs and M D Towler and N D Drummond and P L\'pez R\'ios},
  title={Continuum variational and diffusion quantum Monte Carlo calculations},
  journal={J. Phys-Condens. Mat.},
  volume={22},
  number={2},
  pages={023201},
  url={http://stacks.iop.org/0953-8984/22/i=2/a=023201},
  year={2010}
}

@article{Needs_Old_Review,
author = {Needs, R. J. and Towler, M. D.},
title = {The Diffusion Quantum Monte Carlo Method: Designing Trial Wave Functions For NiO},
journal = {Int. J. Mod Phys B},
volume = {17},
number = {28},
pages = {5425-5434},
year = {2003},
doi = {10.1142/S0217979203020533},
url = {http://www.worldscientific.com/doi/abs/10.1142/S0217979203020533},
}	

@article{Martinez_Review,
author = {Levine, Benjamin G. and Mart\'inez, Todd J.},
title = {Isomerization Through Conical Intersections},
journal = {Annu. Rev. Phys. Chem.},
volume = {58},
number = {1},
pages = {613-634},
year = {2007},
doi = {10.1146/annurev.physchem.57.032905.104612},
url = {10.1146/annurev.physchem.57.032905.104612},
}

@article{Ceperley_HEG,
  title = {Ground State of the Electron Gas by a Stochastic Method},
  author = {Ceperley, D. M. and Alder, B. J.},
  journal = {Phys. Rev. Lett.},
  volume = {45},
  issue = {7},
  pages = {566--569},
  numpages = {0},
  year = {1980},
  month = {Aug},
  publisher = {American Physical Society},
  doi = {10.1103/PhysRevLett.45.566},
  url = {http://link.aps.org/doi/10.1103/PhysRevLett.45.566}
}

@incollection{Ceperley_QMC,
year={1984},
isbn={978-94-009-6386-3},
booktitle={Monte Carlo Methods in Quantum Problems},
volume={125},
series={NATO ASI Series},
editor={Kalos, MalvinH.},
doi={10.1007/978-94-009-6384-9_6},
title={A Review of Quantum Monte Carlo Methods and Results for Coulombic Systems},
url={10.1007/978-94-009-6384-9_6},
publisher={Springer Netherlands},
author={Ceperley, D.},
pages={47-57},
language={English}
}

@article{Tubman_Release,
   author = "Tubman, Norm M. and DuBois, Jonathan L and Hood, Randolph Q. and Alder, Berni J.",
   title = "Prospects for release-node quantum Monte Carlo",
   journal = "J. Chem. Phys.",
   year = "2011",
   volume = "135",
   number = "18", 
   eid = 184109,
   pages = "-",
   url = "http://scitation.aip.org/content/aip/journal/jcp/135/18/10.1063/1.3659143",
   doi = "10.1063/1.3659143" 
}

@inbook{Tubman_ACS,
author = {Norm M. Tubman and Jonathan L. DuBois and Berni J. Alder},
title = {Recent Results in the Exact Treatment of Fermions at Zero and Finite Temperature},
booktitle = {Advances in Quantum Monte Carlo},
chapter = {5},
pages = {41-50},
doi = {10.1021/bk-2012-1094.ch004},
url = {http://pubs.acs.org/doi/abs/10.1021/bk-2012-1094.ch004},
}

%noBO

@article{Handy_DBOC,
   author = "Handy, Nicholas C. and Yamaguchi, Yukio and Schaefer, Henry F.",
   title = "The diagonal correction to the Born–Oppenheimer approximation: Its effect on the singlet–triplet splitting of CH2 and other molecular effects",
   journal = "J. Chem. Phys.",
   year = "1986",
   volume = "84",
   number = "8", 
   pages = "4481-4484",
   url = "http://scitation.aip.org/content/aip/journal/jcp/84/8/10.1063/1.450020",
   doi = "10.1063/1.450020" 
}

@article{Tubman_ECG,
  title = {Beyond the Born-Oppenheimer approximation with quantum Monte Carlo methods},
  author = {Tubman, Norm M. and Kyl\"anp\"a\"a, Ilkka and Hammes-Schiffer, Sharon and Ceperley, David M.},
  journal = {Phys. Rev. A},
  volume = {90},
  issue = {4},
  pages = {042507},
  numpages = {5},
  year = {2014},
  month = {Oct},
  publisher = {American Physical Society},
  doi = {10.1103/PhysRevA.90.042507},
  url = {http://link.aps.org/doi/10.1103/PhysRevA.90.042507}
}

@article{Ilkka_Path,
  title = {Few-body reference data for multicomponent formalisms: Light-nuclei molecules},
  author = {Kyl\"anp\"a\"a, Ilkka and Rantala, Tapio and Ceperley, David},
  journal = {Phys. Rev. A},
  volume = {86},
  issue = {5},
  pages = {052506},
  numpages = {6},
  year = {2012},
  month = {Nov},
  publisher = {American Physical Society},
  doi = {10.1103/PhysRevA.86.052506},
  url = {http://link.aps.org/doi/10.1103/PhysRevA.86.052506}
}

@article{Ilkka_Path1,
   author = {Kyl\"anp\"a\"a, Ilkka and Rantala, Tapio T.},
   title = "First-principles simulation of molecular dissociation–recombination equilibrium",
   journal = "J. Chem. Phys.",
   year = "2011",
   volume = "135",
   number = "10", 
   eid = 104310,
   pages = "-",
   url = "http://scitation.aip.org/content/aip/journal/jcp/135/10/10.1063/1.3633516",
   doi = "10.1063/1.3633516" 
}

@article{Ilkka_Path2,
   author = {Kyl\"anp\"a\"a, Ilkka and Rantala, Tapio T.},
   title = "Finite temperature quantum statistics of H3+ molecular ion",
   journal = "J. Chem. Phys.",
   year = "2010",
   volume = "133",
   number = "4", 
   eid = 044312,
   pages = "-",
   url = "http://scitation.aip.org/content/aip/journal/jcp/133/4/10.1063/1.3464758",
   doi = "10.1063/1.3464758" 
}


@article{Sharon_NEO-HF,
   author = "Webb, Simon P. and Iordanov, Tzvetelin and Hammes-Schiffer, Sharon",
   title = "Multiconfigurational nuclear-electronic orbital approach: Incorporation of nuclear quantum effects in electronic structure calculations",
   journal = "J. Chem. Phys.",
   year = "2002",
   volume = "117",
   number = "9", 
   pages = "4106-4118",
   url = "http://scitation.aip.org/content/aip/journal/jcp/117/9/10.1063/1.1494980",
   doi = "10.1063/1.1494980" 
}


@article{Sharon_XCNEO-HF,
author = {Swalina, Chet and Pak, Michael V. and Chakraborty, Arindam and Hammes-Schiffer, Sharon},
title = {Explicit Dynamical Electron−Proton Correlation in the Nuclear−Electronic Orbital Framework},
journal = {J. Phys. Chem. A},
volume = {110},
number = {33},
pages = {9983-9987},
year = {2006},
doi = {10.1021/jp0634297},
url = { 10.1021/jp0634297},
}

@article{Sharon_XCNEO-HF1,
   author = "Chakraborty, Arindam and Pak, Michael V. and Hammes-Schiffer, Sharon",
   title = "Inclusion of explicit electron-proton correlation in the nuclear-electronic orbital approach using Gaussian-type geminal functions",
   journal = "J. Chem. Phys.",
   year = "2008",
   volume = "129",
   number = "1", 
   eid = 014101,
   pages = "-",
   url = "http://scitation.aip.org/content/aip/journal/jcp/129/1/10.1063/1.2943144",
   doi = "10.1063/1.2943144" 
}

@article{Sharon_XCNEO-HF2,
   author = "Sirjoosingh, Andrew and Pak, Michael V. and Swalina, Chet and Hammes-Schiffer, Sharon",
   title = "Reduced explicitly correlated Hartree-Fock approach within the nuclear-electronic orbital framework: Theoretical formulation",
   journal = "J. Chem. Phys.",
   year = "2013",
   volume = "139",
   number = "3", 
   eid = 034102,
   pages = "-",
   url = "http://scitation.aip.org/content/aip/journal/jcp/139/3/10.1063/1.4812257",
   doi = "10.1063/1.4812257" 
}

@article{Kurt_XCNEO-HF,
   author = "Brorsen, Kurt R. and Sirjoosingh, Andrew and Pak, Michael V. and Hammes-Schiffer, Sharon",
   title = "Nuclear-electronic orbital reduced explicitly correlated Hartree-Fock approach: Restricted basis sets and open-shell systems",
   journal = "J. Chem. Phys.",
   year = "2015",
   volume = "142",
   number = "21", 
   eid = 214108,
   pages = "-",
   url = "http://scitation.aip.org/content/aip/journal/jcp/142/21/10.1063/1.4921304",
   doi = "10.1063/1.4921304" 
}

@article{Kurt_XCNEO-HF1,
   author = "Sirjoosingh, Andrew and Pak, Michael V. and Brorsen, Kurt R. and Hammes-Schiffer, Sharon",
   title = "Quantum treatment of protons with the reduced explicitly correlated Hartree-Fock approach",
   journal = "J. Chem. Phys.",
   year = "2015",
   volume = "142",
   number = "21", 
   eid = 214107,
   pages = "-",
   url = "http://scitation.aip.org/content/aip/journal/jcp/142/21/10.1063/1.4921303",
   doi = "10.1063/1.4921303" 
}

@article{Sharon_NEO-DFT,
  title = {Development of Electron-Proton Density Functionals for Multicomponent Density Functional Theory},
  author = {Chakraborty, Arindam and Pak, Michael and Hammes-Schiffer, Sharon},
  journal = {Phys. Rev. Lett.},
  volume = {101},
  issue = {15},
  pages = {153001},
  numpages = {4},
  year = {2008},
  month = {Oct},
  publisher = {American Physical Society},
  doi = {10.1103/PhysRevLett.101.153001},
  url = {http://link.aps.org/doi/10.1103/PhysRevLett.101.153001}
}

@article{Sharon_NEO-DFT1,
   author = "Chakraborty, Arindam and Pak, Michael V. and Hammes-Schiffer, Sharon",
   title = "Properties of the exact universal functional in multicomponent density functional theory",
   journal = "J. Chem. Phys.",
   year = "2009",
   volume = "131",
   number = "12", 
   eid = 124115,
   pages = "-",
   url = "http://scitation.aip.org/content/aip/journal/jcp/131/12/10.1063/1.3236844",
   doi = "10.1063/1.3236844" 
}

@article{Sharon_NEO-DFT2,
   author = "Sirjoosingh, Andrew and Pak, Michael V. and Hammes-Schiffer, Sharon",
   title = "Multicomponent density functional theory study of the interplay between electron-electron and electron-proton correlation",
   journal = "J. Chem. Phys.",
   year = "2012",
   volume = "136",
   number = "17", 
   eid = 174114,
   pages = "-",
   url = "http://scitation.aip.org/content/aip/journal/jcp/136/17/10.1063/1.4709609",
   doi = "10.1063/1.4709609" 
}

@article{Sharon_NEO-DFT3,
author = {Sirjoosingh, Andrew and Pak, Michael V. and Hammes-Schiffer, Sharon},
title = {Derivation of an Electron–Proton Correlation Functional for Multicomponent Density Functional Theory within the Nuclear–Electronic Orbital Approach},
journal = {J. Chem. Theory Comput.},
volume = {7},
number = {9},
pages = {2689-2693},
year = {2011},
doi = {10.1021/ct200473r},
url = { 10.1021/ct200473r},
}

@article{Gross_NEO-DFT,
  title = {Multicomponent Density-Functional Theory for Electrons and Nuclei},
  author = {Kreibich, T. and Gross, E.},
  journal = {Phys. Rev. Lett.},
  volume = {86},
  issue = {14},
  pages = {2984--2987},
  numpages = {4},
  year = {2001},
  month = {Apr},
  publisher = {American Physical Society},
  doi = {10.1103/PhysRevLett.86.2984},
  url = {http://link.aps.org/doi/10.1103/PhysRevLett.86.2984}
}

@article{Gross_NEO-DFT1,
  title = {Multicomponent density-functional theory for electrons and nuclei},
  author = {Kreibich, Thomas and van Leeuwen, Robert and Gross, E.},
  journal = {Phys. Rev. A},
  volume = {78},
  issue = {2},
  pages = {022501},
  numpages = {22},
  year = {2008},
  month = {Aug},
  publisher = {American Physical Society},
  doi = {10.1103/PhysRevA.78.022501},
  url = {http://link.aps.org/doi/10.1103/PhysRevA.78.022501}
}

@article{Mazzola_FiniteT,
   author = "Mazzola, Guglielmo and Zen, Andrea and Sorella, Sandro",
   title = "Finite-temperature electronic simulations without the Born-Oppenheimer constraint",
   journal = "J. Chem. Phys.",
   year = "2012",
   volume = "137",
   number = "13", 
   eid = 134112,
   pages = "-",
   url = "http://scitation.aip.org/content/aip/journal/jcp/137/13/10.1063/1.4755992",
   doi = "10.1063/1.4755992" 
}

@article{Sirjoosingh_PCET,
author = {Sirjoosingh, Andrew and Hammes-Schiffer, Sharon},
title = {Proton-Coupled Electron Transfer versus Hydrogen Atom Transfer: Generation of Charge-Localized Diabatic States},
journal = {J. Phys. Chem. A},
volume = {115},
number = {11},
pages = {2367-2377},
year = {2011},
doi = {10.1021/jp111210c},
    note ={PMID: 21351757},
url = {10.1021/jp111210c},
}

@article{Ceperley_1987,
  title = {Ground state of solid hydrogen at high pressures},
  author = {Ceperley, D. and Alder, B.},
  journal = {Phys. Rev. B},
  volume = {36},
  issue = {4},
  pages = {2092--2106},
  numpages = {15},
  year = {1987},
  month = {Aug},
  publisher = {American Physical Society},
  doi = {10.1103/PhysRevB.36.2092},
  url = {http://link.aps.org/doi/10.1103/PhysRevB.36.2092}
}

@article{Natoli_1993,
  title = {Crystal structure of atomic hydrogen},
  author = {Natoli, V. and Martin, Richard and Ceperley, D.},
  journal = {Phys. Rev. Lett.},
  volume = {70},
  issue = {13},
  pages = {1952--1955},
  numpages = {4},
  year = {1993},
  month = {Mar},
  publisher = {American Physical Society},
  doi = {10.1103/PhysRevLett.70.1952},
  url = {http://link.aps.org/doi/10.1103/PhysRevLett.70.1952}
}

@article{Natoli_1995,
  title = {Crystal Structure of Molecular Hydrogen at High Pressure},
  author = {Natoli, Vincent and Martin, Richard and Ceperley, David},
  journal = {Phys. Rev. Lett.},
  volume = {74},
  issue = {9},
  pages = {1601--1604},
  numpages = {4},
  year = {1995},
  month = {Feb},
  publisher = {American Physical Society},
  doi = {10.1103/PhysRevLett.74.1601},
  url = {http://link.aps.org/doi/10.1103/PhysRevLett.74.1601}
}

@article{Chen_1995,
   author = "Chen, Bin and Anderson, James B.",
   title = "Improved quantum Monte Carlo calculation of the ground‐state energy of the hydrogen molecule",
   journal = "J. Chem. Phys.",
   year = "1995",
   volume = "102",
   number = "7", 
   pages = "2802-2805",
   url = "http://scitation.aip.org/content/aip/journal/jcp/102/7/10.1063/1.468656",
   doi = "10.1063/1.468656" 
}

@article{Coldwell_H2_2008,
   author = "Alexander, S. A. and Coldwell, R. L.",
   title = "Fully nonadiabatic properties of all H2 isotopomers",
   journal = "J. Chem. Phys.",
   year = "2008",
   volume = "129",
   number = "11", 
   eid = 114306,
   pages = "-",
   url = "http://scitation.aip.org/content/aip/journal/jcp/129/11/10.1063/1.2978172",
   doi = "10.1063/1.2978172" 
}

@article{Gabriele_H2_2004,
  title = {Borromean binding in ${\mathrm{H}}_{2}$ with Yukawa potential: A nonadiabatic quantum Monte Carlo study},
  author = {Bertini, Luca and Mella, Massimo and Bressanini, Dario and Morosi, Gabriele},
  journal = {Phys. Rev. A},
  volume = {69},
  issue = {4},
  pages = {042504},
  numpages = {5},
  year = {2004},
  month = {Apr},
  publisher = {American Physical Society},
  doi = {10.1103/PhysRevA.69.042504},
  url = {http://link.aps.org/doi/10.1103/PhysRevA.69.042504}
}

@article{Sandro_finiteT-noBO_2012,
   author = "Mazzola, Guglielmo and Zen, Andrea and Sorella, Sandro",
   title = "Finite-temperature electronic simulations without the Born-Oppenheimer constraint",
   journal = "J. Chem. Phys.",
   year = "2012",
   volume = "137",
   number = "13", 
   eid = 134112,
   pages = "-",
   url = "http://scitation.aip.org/content/aip/journal/jcp/137/13/10.1063/1.4755992",
   doi = "10.1063/1.4755992" 
}



% Linear Optimization Method
@article{Nightingale_Linear,
  title = {Optimization of Ground- and Excited-State Wave Functions and van der Waals Clusters},
  author = {Nightingale, M. and Melik-Alaverdian, Vilen},
  journal = {Phys. Rev. Lett.},
  volume = {87},
  issue = {4},
  pages = {043401},
  numpages = {4},
  year = {2001},
  month = {Jul},
  publisher = {American Physical Society},
  doi = {10.1103/PhysRevLett.87.043401},
  url = {http://link.aps.org/doi/10.1103/PhysRevLett.87.043401}
}


@article{Umrigar_Linear,
  title = {Energy and Variance Optimization of Many-Body Wave Functions},
  author = {Umrigar, C. and Filippi, Claudia},
  journal = {Phys. Rev. Lett.},
  volume = {94},
  issue = {15},
  pages = {150201},
  numpages = {4},
  year = {2005},
  month = {Apr},
  publisher = {American Physical Society},
  doi = {10.1103/PhysRevLett.94.150201},
  url = {http://link.aps.org/doi/10.1103/PhysRevLett.94.150201}
}

@article{Umrigar_Alleviation,
  title = {Alleviation of the Fermion-Sign Problem by Optimization of Many-Body Wave Functions},
  author = {Umrigar, C. J. and Toulouse, Julien and Filippi, Claudia and Sorella, S. and Hennig, R. G.},
  journal = {Phys. Rev. Lett.},
  volume = {98},
  issue = {11},
  pages = {110201},
  numpages = {4},
  year = {2007},
  month = {Mar},
  publisher = {American Physical Society},
  doi = {10.1103/PhysRevLett.98.110201},
  url = {http://link.aps.org/doi/10.1103/PhysRevLett.98.110201}
}


%  Benchmark papers

@article{Klopper_IP,
  title = {Sub-meV accuracy in first-principles computations of the ionization potentials and electron affinities of the atoms H to Ne},
  author = {Klopper, Wim and Bachorz, Rafa\l{} A. and Tew, David P. and H\"attig, Christof},
  journal = {Phys. Rev. A},
  volume = {81},
  issue = {2},
  pages = {022503},
  numpages = {6},
  year = {2010},
  month = {Feb},
  publisher = {American Physical Society},
  doi = {10.1103/PhysRevA.81.022503},
  url = {http://link.aps.org/doi/10.1103/PhysRevA.81.022503}
}

@article{NIST_Atoms,
   author = "Sansonetti, J. E. and Martin, W. C.",
   title = "Handbook of Basic Atomic Spectroscopic Data",
   journal = "J. Phys. Chem. Ref. Data",
   year = "2005",
   volume = "34",
   number = "4", 
   pages = "1559-2259",
   url = "http://scitation.aip.org/content/aip/journal/jpcrd/34/4/10.1063/1.1800011",
   doi = "10.1063/1.1800011" 
}

@article{Davidson_Atoms,
  title = {Ground-state correlation energies for atomic ions with 3 to 18 electrons},
  author = {Chakravorty, Subhas J. and Gwaltney, Steven R. and Davidson, Ernest R. and Parpia, Farid A. and Fischer, Charlotte F.},
  journal = {Phys. Rev. A},
  volume = {47},
  issue = {5},
  pages = {3649--3670},
  numpages = {0},
  year = {1993},
  month = {May},
  publisher = {American Physical Society},
  doi = {10.1103/PhysRevA.47.3649},
  url = {http://link.aps.org/doi/10.1103/PhysRevA.47.3649}
}

@article{Merkt_H2,
   author = "Liu, Jinjun and Salumbides, Edcel J. and Hollenstein, Urs and Koelemeij, Jeroen C. J. and Eikema, Kjeld S. E. and Ubachs, Wim and Merkt, Frédéric",
   title = "Determination of the ionization and dissociation energies of the hydrogen molecule",
   journal = "J. Chem. Phys.",
   year = "2009",
   volume = "130",
   number = "17", 
   eid = 174306,
   pages = "-",
   url = "http://scitation.aip.org/content/aip/journal/jcp/130/17/10.1063/1.3120443",
   doi = "10.1063/1.3120443"
}

@article{Clark_Bench,
   author = "Clark, Bryan K. and Morales, Miguel A. and McMinis, Jeremy and Kim, Jeongnim and Scuseria, Gustavo E.",
   title = "Computing the energy of a water molecule using multideterminants: A simple, efficient algorithm",
   journal = "J. Chem. Phys.",
   year = "2011",
   volume = "135",
   number = "24", 
   eid = 244105,
   pages = "-",
   url = "http://scitation.aip.org/content/aip/journal/jcp/135/24/10.1063/1.3665391",
   doi = "10.1063/1.3665391" 
}
@article{Brown_Bench,
   author = "Brown, M. D. and Trail, J. R. and L\'opez R\'ios, P. and Needs, R. J.",
   title = "Energies of the first row atoms from quantum Monte Carlo",
   journal = "J. Chem. Phys.",
   year = "2007",
   volume = "126",
   number = "22", 
   eid = 224110,
   pages = "-",
   url = "http://scitation.aip.org/content/aip/journal/jcp/126/22/10.1063/1.2743972",
   doi = "10.1063/1.2743972" 
}
@article{Toulouse_Bench,
   author = "Toulouse, Julien and Umrigar, C. J.",
   title = "Full optimization of Jastrow–Slater wave functions with application to the first-row atoms and homonuclear diatomic molecules",
   journal = "J. Chem. Phys.",
   year = "2008",
   volume = "128",
   number = "17", 
   eid = 174101,
   pages = "-",
   url = "http://scitation.aip.org/content/aip/journal/jcp/128/17/10.1063/1.2908237",
   doi = "10.1063/1.2908237" 
}
@article{Seth_Bench,
   author = "Seth, P. and R\'ios, P. L\'opez and Needs, R. J.",
   title = "Quantum Monte Carlo study of the first-row atoms and ions",
   journal = "J. Chem. Phys.",
   year = "2011",
   volume = "134",
   number = "8", 
   eid = 084105,
   pages = "-",
   url = "http://scitation.aip.org/content/aip/journal/jcp/134/8/10.1063/1.3554625",
   doi = "10.1063/1.3554625" 
}
@article{Morale_Bench,
author = {Morales, Miguel A. and McMinis, Jeremy and Clark, Bryan K. and Kim, Jeongnim and Scuseria, Gustavo E.},
title = {Multideterminant Wave Functions in Quantum Monte Carlo},
journal = {J. Chem. Theory Comput.},
volume = {8},
number = {7},
pages = {2181-2188},
year = {2012},
doi = {10.1021/ct3003404},
url = { 10.1021/ct3003404},
}
@article{Rappe_Bench,
   author = "Lee, Myung Won and Mella, Massimo and Rappe, Andrew M.",
   title = "Electronic quantum Monte Carlo calculations of atomic forces, vibrations, and anharmonicities",
   journal = "J. Chem. Phys.",
   year = "2005",
   volume = "122",
   number = "24", 
   eid = 244103,
   pages = "-",
   url = "http://scitation.aip.org/content/aip/journal/jcp/122/24/10.1063/1.1924690",
   doi = "10.1063/1.1924690" 
}

@article{Anderson_Bench,
   author = "Lüchow, Arne and Anderson, James B.",
   title = "First‐row hydrides: Dissociation and ground state energies using quantum Monte Carlo",
   journal = "J. Chem. Phys.",
   year = "1996",
   volume = "105",
   number = "17", 
   pages = "7573-7578",
   url = "http://scitation.aip.org/content/aip/journal/jcp/105/17/10.1063/1.472584",
   doi = "10.1063/1.472584" 
}

@article{Booth_FCIQMC,
   author = "Booth, George H. and Alavi, Ali",
   title = "Approaching chemical accuracy using full configuration-interaction quantum Monte Carlo: A study of ionization potentials",
   journal = "J. Chem. Phys.",
   year = "2010",
   volume = "132",
   number = "17", 
   eid = 174104,
   pages = "-",
   url = "http://scitation.aip.org/content/aip/journal/jcp/132/17/10.1063/1.3407895",
   doi = "10.1063/1.3407895" 
}

@article{Shiwei_AFQMC,
  title = {Quantum Monte Carlo Method using Phase-Free Random Walks with Slater Determinants},
  author = {Zhang, Shiwei and Krakauer, Henry},
  journal = {Phys. Rev. Lett.},
  volume = {90},
  issue = {13},
  pages = {136401},
  numpages = {4},
  year = {2003},
  month = {Apr},
  publisher = {American Physical Society},
  doi = {10.1103/PhysRevLett.90.136401},
  url = {http://link.aps.org/doi/10.1103/PhysRevLett.90.136401}
}


@article{Nakashima_Li+,
   author = "Nakashima, Hiroyuki and Nakatsuji, Hiroshi",
   title = "Solving the Schrödinger equation for helium atom and its isoelectronic ions with the free iterative complement interaction (ICI) method",
   journal = "J. Chem. Phys.",
   year = "2007",
   volume = "127",
   number = "22", 
   eid = 224104,
   pages = "-",
   url = "http://scitation.aip.org/content/aip/journal/jcp/127/22/10.1063/1.2801981",
   doi = "10.1063/1.2801981" 
}

@article{Stanke_Li,
  title = {Accuracy limits on the description of the lowest $S$ excitation in the Li atom using explicitly correlated Gaussian basis functions},
  author = {Stanke, Monika and Komasa, Jacek and K\ifmmode \mbox{\c{e}}\else \c{e}\fi{}dziera, Dariusz and Bubin, Sergiy and Adamowicz, Ludwik},
  journal = {Phys. Rev. A},
  volume = {78},
  issue = {5},
  pages = {052507},
  numpages = {8},
  year = {2008},
  month = {Nov},
  publisher = {American Physical Society},
  doi = {10.1103/PhysRevA.78.052507},
  url = {http://link.aps.org/doi/10.1103/PhysRevA.78.052507}
}
@article{Stanke_Be,
  title = {Five lowest $^{1}S$ states of the Be atom calculated with a finite-nuclear-mass approach and with relativistic and QED corrections},
  author = {Stanke, Monika and Komasa, Jacek and Bubin, Sergiy and Adamowicz, Ludwik},
  journal = {Phys. Rev. A},
  volume = {80},
  issue = {2},
  pages = {022514},
  numpages = {6},
  year = {2009},
  month = {Aug},
  publisher = {American Physical Society},
  doi = {10.1103/PhysRevA.80.022514},
  url = {http://link.aps.org/doi/10.1103/PhysRevA.80.022514}
}
@article{Bubin_B,
  title = {Correlated-Gaussian calculations of the ground and low-lying excited states of the boron atom},
  author = {Bubin, Sergiy and Adamowicz, Ludwik},
  journal = {Phys. Rev. A},
  volume = {83},
  issue = {2},
  pages = {022505},
  numpages = {5},
  year = {2011},
  month = {Feb},
  publisher = {American Physical Society},
  doi = {10.1103/PhysRevA.83.022505},
  url = {http://link.aps.org/doi/10.1103/PhysRevA.83.022505}
}
@article{Bubin_B+,
   author = "Bubin, Sergiy and Komasa, Jacek and Stanke, Monika and Adamowicz, Ludwik",
   title = "Isotope shifts of the three lowest S1 states of the B+ ion calculated with a finite-nuclear-mass approach and with relativistic and quantum electrodynamics corrections",
   journal = "J. Chem. Phys.",
   year = "2010",
   volume = "132",
   number = "11", 
   eid = 114109,
   pages = "-",
   url = "http://scitation.aip.org/content/aip/journal/jcp/132/11/10.1063/1.3358999",
   doi = "10.1063/1.3358999" 
}
@article{Bubin_C+,
   author = "Bubin, Sergiy and Adamowicz, Ludwik",
   title = "Accurate variational calculations of the ground 2Po(1s22s22p) and excited 2S(1s22s2p2) and 2Po(1s22s23p) states of singly ionized carbon atom",
   journal = "J. Chem. Phys.",
   year = "2011",
   volume = "135",
   number = "21", 
   eid = 214104,
   pages = "-",
   url = "http://scitation.aip.org/content/aip/journal/jcp/135/21/10.1063/1.3664900",
   doi = "10.1063/1.3664900" 
}

@article{Bubin_C,
author = {Bubin, Sergiy and Pavanello, Michele and Tung, Wei-Cheng and Sharkey, Keeper L. and Adamowicz, Ludwik},
title = {Born–Oppenheimer and Non-Born–Oppenheimer, Atomic and Molecular Calculations with Explicitly Correlated Gaussians},
journal = {Chem. Rev.},
volume = {113},
number = {1},
pages = {36-79},
year = {2013},
doi = {10.1021/cr200419d},
url = { 10.1021/cr200419d},
}

@article{Puchalski_Be+,
  title = {Ground state of Li and ${\text{Be}}^{+}$ using explicitly correlated functions},
  author = {Puchalski, Mariusz and K\ifmmode \mbox{\c{e}}\else \c{e}\fi{}dziera, Dariusz and Pachucki, Krzysztof},
  journal = {Phys. Rev. A},
  volume = {80},
  issue = {3},
  pages = {032521},
  numpages = {7},
  year = {2009},
  month = {Sep},
  publisher = {American Physical Society},
  doi = {10.1103/PhysRevA.80.032521},
  url = {http://link.aps.org/doi/10.1103/PhysRevA.80.032521}
}

@article{Sharkey_N,
   author = "Sharkey, Keeper L. and Adamowicz, Ludwik",
   title = "An algorithm for nonrelativistic quantum-mechanical finite-nuclear-mass variational calculations of nitrogen atom in L = 0, M = 0 states using all-electrons explicitly correlated Gaussian basis functions",
   journal = "J. Chem. Phys.",
   year = "2014",
   volume = "140",
   number = "17", 
   eid = 174112,
   pages = "-",
   url = "http://scitation.aip.org/content/aip/journal/jcp/140/17/10.1063/1.4873916",
   doi = "10.1063/1.4873916" 
}

@article{Bubin_LiH_noBO,
   author = "Bubin, Sergiy and Adamowicz, Ludwik and Molski, Marcin",
   title = "An accurate non-Born–Oppenheimer calculation of the first purely vibrational transition in LiH molecule",
   journal = "J. Chem. Phys.",
   year = "2005",
   volume = "123",
   number = "13", 
   eid = 134310,
   pages = "-",
   url = "http://scitation.aip.org/content/aip/journal/jcp/123/13/10.1063/1.2047487",
   doi = "10.1063/1.2047487" 
}
@article{Bubin_LiH-_noBO,
   author = "Bubin, Sergiy and Adamowicz, Ludwik",
   title = "Nonrelativistic molecular quantum mechanics without approximations: Electron affinities of LiH and LiD",
   journal = "J. Chem. Phys.",
   year = "2004",
   volume = "121",
   number = "13", 
   pages = "6249-6253",
   url = "http://scitation.aip.org/content/aip/journal/jcp/121/13/10.1063/1.1786580",
   doi = "http://dx.doi.org/10.1063/1.1786580" 
}

@article{Bubin_BeH_noBO,
   author = "Bubin, Sergiy and Adamowicz, Ludwik",
   title = "Calculations of the ground states of BeH and BeH+ without the Born-Oppenheimer approximation",
   journal = "J. Chem. Phys.",
   year = "2007",
   volume = "126",
   number = "21", 
   eid = 214305,
   pages = "-",
   url = "http://scitation.aip.org/content/aip/journal/jcp/126/21/10.1063/1.2736699",
   doi = "10.1063/1.2736699" 
}
@article{Bubin_BH_noBO,
   author = "Bubin, Sergiy and Stanke, Monika and Adamowicz, Ludwik",
   title = "Non-Born–Oppenheimer calculations of the BH molecule",
   journal = "J. Chem. Phys.",
   year = "2009",
   volume = "131",
   number = "4", 
   eid = 044128,
   pages = "-",
   url = "http://scitation.aip.org/content/aip/journal/jcp/131/4/10.1063/1.3195061",
   doi = "10.1063/1.3195061" 
}

@article{Wang_Li,
  title = {Variational upper bounds for low-lying states of lithium},
  author = {Wang, L. M. and Yan, Z.-C. and Qiao, H. X. and Drake, G. W. F.},
  journal = {Phys. Rev. A},
  volume = {83},
  issue = {3},
  pages = {034503},
  numpages = {4},
  year = {2011},
  month = {Mar},
  publisher = {American Physical Society},
  doi = {10.1103/PhysRevA.83.034503},
  url = {http://link.aps.org/doi/10.1103/PhysRevA.83.034503}
}

@article{Cencek_LiH,
title = "Benchmark calculations for He2+ and LiH molecules using explicitly correlated Gaussian functions ",
journal = "Chem. Phys. Lett.",
volume = "320",
number = "5–6",
pages = "549 - 552",
year = "2000",
note = "",
issn = "0009-2614",
doi = "10.1016/S0009-2614(00)00303-1",
url = "http://www.sciencedirect.com/science/article/pii/S0009261400003031",
author = "Wojciech Cencek and Jacek Rychlewski"
}

@article{Adamowicz_LiH,
   author = "Tung, Wei-Cheng and Pavanello, Michele and Adamowicz, Ludwik",
   title = "Very accurate potential energy curve of the LiH molecule",
   journal = "J. Chem. Phys.",
   year = "2011",
   volume = "134",
   number = "6", 
   eid = 064117,
   pages = "-",
   url = "http://scitation.aip.org/content/aip/journal/jcp/134/6/10.1063/1.3554211",
   doi = "10.1063/1.3554211" 
}

@article{Koput_BeH,
   author = "Koput, Jacek",
   title = "The ab initio ground-state potential energy function of beryllium monohydride, BeH",
   journal = "J. Chem. Phys.",
   year = "2011",
   volume = "135",
   number = "24", 
   eid = 244308,
   pages = "-",
   url = "http://scitation.aip.org/content/aip/journal/jcp/135/24/10.1063/1.3671610",
   doi = "10.1063/1.3671610" 
}

@article{Miliordos_BH,
   author = "Miliordos, Evangelos and Mavridis, Aristides",
   title = "Ab initio investigation of the electronic structure and bonding of BH, BH−, and HBBH molecules",
   journal = "J. Chem. Phys.",
   year = "2008",
   volume = "128",
   number = "14", 
   eid = 144308,
   pages = "-",
   url = "http://scitation.aip.org/content/aip/journal/jcp/128/14/10.1063/1.2902284",
   doi = "10.1063/1.2902284" 
}

% Quantum Chemistry
@article{Sharon_NEO,
   author = "Webb, Simon P. and Iordanov, Tzvetelin and Hammes-Schiffer, Sharon",
   title = "Multiconfigurational nuclear-electronic orbital approach: Incorporation of nuclear quantum effects in electronic structure calculations",
   journal = "J. Chem. Phys.",
   year = "2002",
   volume = "117",
   number = "9", 
   pages = "4106-4118",
   url = "http://scitation.aip.org/content/aip/journal/jcp/117/9/10.1063/1.1494980",
   doi = "10.1063/1.1494980" 
}

@article{Sharon_NEOX,
author = {Swalina, Chet and Pak, Michael V. and Chakraborty, Arindam and Hammes-Schiffer, Sharon},
title = {Explicit Dynamical Electron−Proton Correlation in the Nuclear−Electronic Orbital Framework},
journal = {J. Phys. Chem. A},
volume = {110},
number = {33},
pages = {9983-9987},
year = {2006},
doi = {10.1021/jp0634297},
note ={PMID: 16913669},

url = { 10.1021/jp0634297},

}

@article{Sharon_NEOX1,
   author = "Chakraborty, Arindam and Pak, Michael V. and Hammes-Schiffer, Sharon",
   title = "Inclusion of explicit electron-proton correlation in the nuclear-electronic orbital approach using Gaussian-type geminal functions",
   journal = "J. Chem. Phys.",
   year = "2008",
   volume = "129",
   number = "1", 
   eid = 014101,
   pages = "-",
   url = "http://scitation.aip.org/content/aip/journal/jcp/129/1/10.1063/1.2943144",
   doi = "10.1063/1.2943144" 
}

@article{Sharon_NEOX2,
   author = "Sirjoosingh, Andrew and Pak, Michael V. and Swalina, Chet and Hammes-Schiffer, Sharon",
   title = "Reduced explicitly correlated Hartree-Fock approach within the nuclear-electronic orbital framework: Theoretical formulation",
   journal = "J. Chem. Phys.",
   year = "2013",
   volume = "139",
   number = "3", 
   eid = 034102,
   pages = "-",
   url = "http://scitation.aip.org/content/aip/journal/jcp/139/3/10.1063/1.4812257",
   doi = "10.1063/1.4812257" 
}

@article{BSE,
author = {Schuchardt, Karen L. and Didier, Brett T. and Elsethagen, Todd and Sun, Lisong and Gurumoorthi, Vidhya and Chase, Jared and Li, Jun and Windus, Theresa L.},
title = {Basis Set Exchange:  A Community Database for Computational Sciences},
journal = {Journal of Chemical Information and Modeling},
volume = {47},
number = {3},
pages = {1045-1052},
year = {2007},
doi = {10.1021/ci600510j},
    note ={PMID: 17428029},
url = { 10.1021/ci600510j},
eprint = { 10.1021/ci600510j}
}

@article{BSE1,
Author = {Feller, D},
Title = {{The role of databases in support of computational chemistry calculations}},
Journal = {{J. Comput. Chem.}},
Year = {{1996}},
Volume = {{17}},
Number = {{13}},
Pages = {{1571-1586}},
Month = {{OCT}},
doi = {{10.1002/jcc.9}},
ISSN = {{0192-8651}},
Unique-ID = {{ISI:A1996VH59400009}},
}

@article{Chaban_MCSCF,
year={1997},
issn={1432-881X},
journal={Theor. Chem. Acc.},
volume={97},
number={1-4},
doi={10.1007/s002140050241},
title={Approximate second order method for orbital optimization of SCF and MCSCF wavefunctions},
url={http://dx.doi.org/10.1007/s002140050241},
publisher={Springer-Verlag},
keywords={Key words: Optimization of orbitals; Open shell SCF; GVB; MCSCF},
author={Chaban, Galina and Schmidt, Michael W. and Gordon, Mark S.},
pages={88-95},
language={English}
}


@article{Mitroy_ECG,
  title = {Theory and application of explicitly correlated Gaussians},
  author = {Mitroy, Jim and Bubin, Sergiy and Horiuchi, Wataru and Suzuki, Yasuyuki and Adamowicz, Ludwik and Cencek, Wojciech and Szalewicz, Krzysztof and Komasa, Jacek and Blume, D. and Varga, K\'alm\'an},
  journal = {Rev. Mod. Phys.},
  volume = {85},
  issue = {2},
  pages = {693--749},
  numpages = {57},
  year = {2013},
  month = {May},
  publisher = {American Physical Society},
  doi = {10.1103/RevModPhys.85.693},
  url = {http://link.aps.org/doi/10.1103/RevModPhys.85.693}
}

@article{Feller_Corrections,
   author = "Feller, David and Peterson, Kirk A. and Dixon, David A.",
   title = "A survey of factors contributing to accurate theoretical predictions of atomization energies and molecular structures",
   journal = "J. Chem. Phys.",
   year = "2008",
   volume = "129",
   number = "20", 
   eid = 204105,
   pages = "-",
   url = "http://scitation.aip.org/content/aip/journal/jcp/129/20/10.1063/1.3008061",
   doi = "10.1063/1.3008061" 
}

@article{Feller_Error,
   author = "Feller, David and Peterson, Kirk A. and Crawford, T. Daniel",
   title = "Sources of error in electronic structure calculations on small chemical systems",
   journal = "J. Chem. Phys.",
   year = "2006",
   volume = "124",
   number = "5", 
   eid = 054107,
   pages = "-",
   url = "http://scitation.aip.org/content/aip/journal/jcp/124/5/10.1063/1.2137323",
   doi = "10.1063/1.2137323" 
}

@article{Adamowicz_ECG,
  title = {Improved Nonadiabatic Ground-State Energy Upper Bound for Dihydrogen},
  author = {Kinghorn, Donald and Adamowicz, Ludwik},
  journal = {Phys. Rev. Lett.},
  volume = {83},
  issue = {13},
  pages = {2541--2543},
  numpages = {3},
  year = {1999},
  month = {Sep},
  publisher = {American Physical Society},
  doi = {10.1103/PhysRevLett.83.2541},
  url = {http://link.aps.org/doi/10.1103/PhysRevLett.83.2541}
}

@article{Clay_Bench,
   author = "Clay, Raymond C. and Morales, Miguel A.",
   title = "Influence of single particle orbital sets and configuration selection on multideterminant wavefunctions in quantum Monte Carlo",
   journal = "J. Chem. Phys.",
   year = "2015",
   volume = "142",
   number = "23", 
   eid = 234103,
   pages = "-",
   url = "http://scitation.aip.org/content/aip/journal/jcp/142/23/10.1063/1.4921984",
   doi = "10.1063/1.4921984" 
}

%  Review
@article{Cederbaum_Review,
author = {Worth, Graham A. and Cederbaum, Lorenz S.},
title = {BEYOND BORN-OPPENHEIMER: Molecular Dynamics Through a Conical Intersection},
journal = {Annu. Rev. Phys. Chem.},
volume = {55},
number = {1},
pages = {127-158},
year = {2004},
doi = {10.1146/annurev.physchem.55.091602.094335},
url = { 10.1146/annurev.physchem.55.091602.094335},
}

@article{McMahon_Review,
  title = {The properties of hydrogen and helium under extreme conditions},
  author = {McMahon, Jeffrey and Morales, Miguel and Pierleoni, Carlo and Ceperley, David},
  journal = {Rev. Mod. Phys.},
  volume = {84},
  issue = {4},
  pages = {1607--1653},
  numpages = {47},
  year = {2012},
  month = {Nov},
  publisher = {American Physical Society},
  doi = {10.1103/RevModPhys.84.1607},
  url = {http://link.aps.org/doi/10.1103/RevModPhys.84.1607}
}

@article{QMC_Review,
  title = {Quantum Monte Carlo simulations of solids},
  author = {Foulkes, W. M. C. and Mitas, L. and Needs, R. J. and Rajagopal, G.},
  journal = {Rev. Mod. Phys.},
  volume = {73},
  issue = {1},
  pages = {33--83},
  numpages = {0},
  year = {2001},
  month = {Jan},
  publisher = {American Physical Society},
  doi = {10.1103/RevModPhys.73.33},
  url = {http://link.aps.org/doi/10.1103/RevModPhys.73.33}
}

@Article{Morales_Review,
AUTHOR = {Morales, Miguel A. and Clay, Raymond and Pierleoni, Carlo and Ceperley, David M.},
TITLE = {First Principles Methods: A Perspective from Quantum Monte Carlo},
JOURNAL = {Entropy},
VOLUME = {16},
YEAR = {2013},
NUMBER = {1},
PAGES = {287},
url = {http://www.mdpi.com/1099-4300/16/1/287},
ISSN = {1099-4300},
doi = {10.3390/e16010287}
}

% Software Packages
@article {GAMESS,
author = {Schmidt, Michael W. and Baldridge, Kim K. and Boatz, Jerry A. and Elbert, Steven T. and Gordon, Mark S. and Jensen, Jan H. and Koseki, Shiro and Matsunaga, Nikita and Nguyen, Kiet A. and Su, Shujun and Windus, Theresa L. and Dupuis, Michel and Montgomery, John A.},
title = {General atomic and molecular electronic structure system},
journal = {J. Comput. Chem.},
volume = {14},
number = {11},
publisher = {John Wiley & Sons, Inc.},
issn = {1096-987X},
url = {10.1002/jcc.540141112},
doi = {10.1002/jcc.540141112},
pages = {1347--1363},
year = {1993},
}
@article{QMCPACK_Esler, 
author={Esler, K.P. and Jeongnim Kim and Ceperley, D.M. and Shulenburger, L.}, 
journal={Comput. Sci. Eng.}, 
title={Accelerating Quantum Monte Carlo Simulations of Real Materials on GPU Clusters}, 
year={2012}, 
month={Jan}, 
volume={14}, 
number={1}, 
pages={40-51},
doi={10.1109/MCSE.2010.122}, 
ISSN={1521-9615},}
@Misc{QMCPACK,
title = {www.qmcpack.org},
author = {QMCPACK},
}
@article{QMCPACK_Kim,
  author={Jeongnim Kim and Kenneth P Esler and Jeremy McMinis and Miguel A Morales and Bryan K Clark and Luke Shulenburger and David M
Ceperley},
  title={Hybrid algorithms in quantum Monte Carlo},
  journal={J. Phys. Conf. Ser.},
  volume={402},
  number={1},
  pages={012008},
  url={http://stacks.iop.org/1742-6596/402/i=1/a=012008},
  year={2012}
}
@article{CCCBDB,
note = {NIST Computational Chemistry Comparison and Benchmark Database, NIST Standard Reference Database Number 101, Release 16a, August 2013. Editor: Russell D. Johnson III, http://cccbdb.nist.gov/}
}
@article{CFOUR,
  note = {CFOUR, a quantum chemical program package written by J.F. Stanton, J. Gauss, M.E. Harding, P.G. Szalay and others.}
}
@article{Harding,
author = {Harding, Michael E. and Metzroth, Thorsten and Gauss, J\"urgen and Auer, Alexander A.},
title = {Parallel Calculation of CCSD and CCSD(T) Analytic First and Second Derivatives},
journal = {J. Chem. Theory Comput.},
volume = {4},
number = {1},
pages = {64-74},
year = {2008},
doi = {10.1021/ct700152c},
URL = { http://dx.doi.org/10.1021/ct700152c},
}

% Classics
@article {BO,
author = {Born, M. and Oppenheimer, R.},
title = {Zur Quantentheorie der Molekeln},
journal = {Annalen der Physik},
volume = {389},
number = {20},
publisher = {WILEY-VCH Verlag},
issn = {1521-3889},
url = {10.1002/andp.19273892002},
doi = {10.1002/andp.19273892002},
pages = {457--484},
year = {1927},
}

@Book{Pauncz_CSF,
author = {Pauncz, Ruben},
title = {Spin Eigenfunctions: Construction and Use},
publisher = {Plenum Press, New York},
year = {1979},
address = {227 West 17th Street, New York, N.Y. 10011}
}

@article{Purvis_CCSD,
   author = "Purvis, George D. and Bartlett, Rodney J.",
   title = "A full coupled‐cluster singles and doubles model: The inclusion of disconnected triples",
   journal = "J. Chem. Phys.",
   year = "1982",
   volume = "76",
   number = "4", 
   pages = "1910-1918",
   url = "http://scitation.aip.org/content/aip/journal/jcp/76/4/10.1063/1.443164",
   doi = "10.1063/1.443164" 
}

@Book{HH,
author = {K. P. Huber and G. Herzberg},
title = {Molecular Spectra and Molecular Structure: Constants of Diatomic Molecules},
publisher = {Van Nostrand Reinhold, New York, 1979},
year = {1979}
}

@Book{Szabo,
author = {Attila Szabo and Neil S. Ostlund},
title = {Modern Quantum Chemistry},
publisher = {McGraw-Hill, Inc.},
year = {1989}
}

@article {Kato,
author = {Kato, Tosio},
title = {On the eigenfunctions of many-particle systems in quantum mechanics},
journal = {Commun. Pur. Appl. Math.},
volume = {10},
number = {2},
publisher = {Wiley Subscription Services, Inc., A Wiley Company},
issn = {1097-0312},
url = {10.1002/cpa.3160100201},
doi = {10.1002/cpa.3160100201},
pages = {151--177},
year = {1957},
}

@article{cederbaum1,
   author = "Cederbaum, Lorenz S.",
   title = "The exact molecular wavefunction as a product of an electronic and a nuclear wavefunction",
   journal = "J. Chem. Phys.",
   year = "2013",
   volume = "138",
   number = "22", 
   eid = 224110,
   pages = "-",
   url = "http://scitation.aip.org/content/aip/journal/jcp/138/22/10.1063/1.4807115",
   doi = "10.1063/1.4807115" 
}
@article{cederbaum12,
   author = "Cederbaum, Lorenz S.",
   title = "Erratum: “The exact molecular wavefunction as a product of an electronic and a nuclear wavefunction” [J. Chem. Phys.138, 224110 (2013)]",
   journal = "J. Chem. Phys.",
   year = "2014",
   volume = "141",
   number = "2", 
   eid = 029902,
   pages = "-",
   url = "http://scitation.aip.org/content/aip/journal/jcp/141/2/10.1063/1.4890075",
  doi = "10.1063/1.4890075" 
}

@article{gross2014,
  title = {Is the Molecular Berry Phase an Artifact of the Born-Oppenheimer Approximation?},
  author = {Min, Seung Kyu and Abedi, Ali and Kim, Kwang S. and Gross, E.K.U.},
  journal = {Phys. Rev. Lett.},
  volume = {113},
  issue = {26},
  pages = {263004},
  numpages = {5},
  year = {2014},
  month = {Dec},
  publisher = {American Physical Society},
  doi = {10.1103/PhysRevLett.113.263004},
  url = {http://link.aps.org/doi/10.1103/PhysRevLett.113.263004}
}
@article{boent,
year={2014},
issn={1434-6060},
journal={The European Physical Journal D},
eid={346},
volume={68},
number={11},
title={Entanglement and the Born-Oppenheimer approximation in an exactly solvable quantum many-body system},
url={10.1140/epjd/e2014-50349-2},
publisher={Springer Berlin Heidelberg},
keywords={Quantum Information},
author={Bouvrie, PeterA. and Majtey, AnaP. and Tichy, MalteC. and Dehesa, JesusS. and Plastino, AngelR.},
language={English}
}
@article{mitroy2013,
  title = {Theory and application of explicitly correlated Gaussians},
  author = {Mitroy, Jim and Bubin, Sergiy and Horiuchi, Wataru and Suzuki, Yasuyuki and Adamowicz, Ludwik and Cencek, Wojciech and Szalewicz, Krzysztof and Komasa, Jacek and Blume, D. and Varga, K\'alm\'an},
  journal = {Rev. Mod. Phys.},
  volume = {85},
  issue = {2},
  pages = {693--749},
  numpages = {0},
  year = {2013},
  month = {May},
  publisher = {American Physical Society},
  doi = {10.1103/RevModPhys.85.693},
  url = {http://link.aps.org/doi/10.1103/RevModPhys.85.693}
}
@article{roos,
year={1990},
issn={0040-5744},
journal={Theoretica chimica acta},
volume={77},
number={5},
doi={10.1007/BF01120130},
title={Density matrix averaged atomic natural orbital (ANO) basis sets for correlated molecular wave functions},
url={http://dx.doi.org/10.1007/BF01120130},
publisher={Springer-Verlag},
keywords={Atomic natural orbitals; Basis sets; General contraction},
author={Widmark, Per-Olof and Malmqvist, Per-Åke and Roos, BjörnO.},
pages={291-306},
language={English}
}
@article{dunning,
   author = "Dunning, Thom H.",
   title = "Gaussian basis sets for use in correlated molecular calculations. I. The atoms boron through neon and hydrogen",
   journal = "J. Chem. Phys.",
   year = "1989",
   volume = "90",
   number = "2", 
   pages = "1007-1023",
   url = "http://scitation.aip.org/content/aip/journal/jcp/90/2/10.1063/1.456153",
   doi = "10.1063/1.456153" 
}
@Book{lester1,
author = {Hammond, Brian L. and Reynolds, Peter J. and Lester, William A.},
title = {Monte Carlo Methods in Ab Initio Quantum Chemistry},
publisher = {World Scientific},
year = 1994,
}

@article{cusp,
   author = "Ma, A. and Towler, M. D. and Drummond, N. D. and Needs, R. J.",
   title = "Scheme for adding electron–nucleus cusps to Gaussian orbitals",
   journal = "J. Chem. Phys.",
   year = "2005",
   volume = "122",
   number = "22", 
   eid = 224322,
   pages = "-",
   url = "http://scitation.aip.org/content/aip/journal/jcp/122/22/10.1063/1.1940588",
   doi = "10.1063/1.1940588" 
}
@article{grossman1,
   author = "Grossman, Jeffrey C.",
   title = "Benchmark quantum Monte Carlo calculations",
   journal = "J. Chem. Phys.",
   year = "2002",
   volume = "117",
   number = "4", 
   pages = "1434-1440",
   url = "http://scitation.aip.org/content/aip/journal/jcp/117/4/10.1063/1.1487829",
   doi = "10.1063/1.1487829" 
}

% footnote
@article{Klopper_DBOC,
note="The DBOC values for the atoms and ions provided by Prof. Wim Klopper are calculated at the CCSD/d-aug-cc-pwCVQZ level using CFOUR."
}
@article{Feller_DBOC,
note="The DBOC references provided by Prof. David Feller are calculated at the CCSD(T)/aug-cc-pVTZ level using CFOUR."
}
@article{switch,
note="We note that LiH ground state energies which we compare against are mislabeled in Ref.~\cite{Bubin_LiH-_noBO}, with $\text{LiH}^-$ and LiD being switched."
}

@misc{fell1,
  author = "Feller, David",
  howpublished = "personal communication"
}
@misc{klop1,
  author = "Klopper, Wim",
  howpublished = "personal communication"
}

@article{masses,
note="All calculations are performed for the most abundant isotope. In units of electron mass, the isotope masses for Li, Be, B, C, N, O, F are taken to be 12782.4327, 16419.2608, 20214.7648
6, 21862.7553, 25512.1484, 29141.0754, 34613.1200, respectively. The Li mass used for the LiH molecule is 12649.6690, which is slightly different from that used for the atomic Li simulations, but we do not expect this to affect our results within our statistical errors."
}

